@paper{WSSCALE,
author={Mark Nottingham},
title={Web Service Scalability and Performance with Optimising Intermediaries},
publisher={Akamoi},
url={http://www.w3.org/2001/03/WSWS-popa/paper33},
year=2001}

@misc{WSARCH,
author={David Booth and Hugo Haas and Francis McCabe and Eric Newcomer, Michael Champion and Chriss Ferris and David Orchard},
title={Web Services Architecture},
publisher={W3C, Fujitsu Labs of America, Iona, Software AG, IBM, BEA Systems},
year=2004}

@article{BIGREST,
author={Cesare Pautasso and Olaf Zimmermann and Frank Leymann},
title={RESTful Web Services vs. “Big” Web Services: Making the Right, Architectural Decision},
year=2008}

@thesis{WEBDSGN,
author={Roy T. Fielding and Richard N. Taylor},
title={Principled Design of the Modern Web Architecture},
publisher={Day Software, University of California, Irvine},
year=2002}

@thesis{FIELDING,
author={Roy T. Fielding},
title={Architectural Styles and the Design of Network-based Software Architectures},
publisher={University of California, Irvine},
year=2000}

@misc{FIELDBLOG,
author={Roy T. Fielding},
title={REST APIs must be hyptertext driven},
url={http://roy.gbiv.com/untangled/2008/rest-apis-must-be-hypertext-driven},
year=2008}

@misc{GREGBLOG,
author={Joe Gregorio},
title={Do we need WADL?},
year=2007,
url={http://bitworking.org/news/193/Do-we-need-WADL}}

@article{WADLWSDL,
author={Toshiro Takase and Satoshi Makino and Shinya Kawanaka and Ken Ueno and Christopher Ferris and and Arthur Ryman},
title={Definition Languages for RESTful Web Services: WADL vs. WSDL 2.0},
publisher={Tokyo Research Library - IBM Research},
year=2008}

@misc{WSDLCORE,
author={Roberto Chinnici and Jean-Jacques Moreau and Arthur Ryman and Sanjiva Weerawarana},
title={Web Services Description Language (WSDL) Version 2.0 Part 1: Core Language},
publisher={Sun Microsystems, Canon, IBM, WSO2},
year=2007}

@article{WADL,
author={Marc Hadley},
title={Web Application Description Language (WADL)},
publisher={Sun Microsystems Inc.},
year=2006}

@article{JSR311,
author={Marc Hadley and Paul Sandoz},
title={JAX-RS: Java API for RESTful Web Services},
publisher={Sun Microsystems Inc.},
year=2008}

@misc{rfc2616,
author="R. Fielding and J. Gettys and J. Mogul and H. Frystyk and L. Masinter and P. Leach and T. Berners-Lee",
title="{Hypertext Transfer Protocol -- HTTP/1.1}",
series="Request for Comments",
number="2616",
howpublished="RFC 2616 (Draft Standard)",
publisher="IETF",
organization="Internet Engineering Task Force",
year=1999,
month=jun,
note="Updated by RFC 2817",
url="http://www.ietf.org/rfc/rfc2616.txt"}